% Use this file for citations not found in the ACL Anthology (contained in "anthology.bib").


@article{Argamon:2009,
	author = {Shlomo Argamon and Moshe Koppel and James W. Pennebaker and Jonathan Schler},
	year = {2009},
	title = {Automatically profiling the author of an anonymous text},
	journal = {Communications of the ACM},
	volume = {52},
	number = {2},
	pages = {119-123}
}

@article{Luyckx:2011,
	author = {Kim Luyckx and Walter Daelemans},
	year = {2011},
	title = {The effect of author set size and data size in authorship attribution},
	journal = {Literary and linguistic Computing},
	volume = {26},
	number = {1},
	pages = {35-55}
}

@article{Nigam:1999,
	author = {Kamal Nigam and John Lafferty and Andrew McCallum},
	year = {1999},
	title = {Using maximum entropy for text classification},
	journal = {IJCAI-99 workshop on machine learning for information filtering},
	volume = {1},
	number = {1},
	pages = {61-67}
}

@inproceedings{Osborne:2002,
  title={Using Maximum Entropy for Sentence Extraction},
  author={Miles Osborne},
  booktitle={Proceedings of the ACL-02 Workshop on Automatic Summarization},
  pages={1-8},
  year={2002},
}

@inproceedings{Bouma:2009,
  title={Normalized (pointwise) mutual information in collocation extraction},
  author={Gerlof Bouma},
  booktitle={Proceedings of GSCL 30},
  pages={31-40},
  year={2009},
}	


%%%%%%%%%%%%%%%%%%%%%%%%%%%%%%%%%%
@inproceedings{andrew2007scalable,
  title={Scalable training of {L1}-regularized log-linear models},
  author={Andrew, Galen and Gao, Jianfeng},
  booktitle={Proceedings of the 24th International Conference on Machine Learning},
  pages={33--40},
  year={2007},
}

@book{Gusfield:97,
    author  = {Dan Gusfield},
    title   = {Algorithms on Strings, Trees and Sequences},
    year    = "1997",
    publisher = {Cambridge University Press},
    address = {Cambridge, UK}
}

@article{rasooli-tetrault-2015,
    author    = {Mohammad Sadegh Rasooli and Joel R. Tetreault},
    title     = {Yara Parser: {A} Fast and Accurate Dependency Parser},
    journal   = {Computing Research Repository},
    volume    = {arXiv:1503.06733},
    year      = {2015},
    url       = {http://arxiv.org/abs/1503.06733},
    note    = {version 2}
}

@article{Ando2005,
	Acmid = {1194905},
	Author = {Ando, Rie Kubota and Zhang, Tong},
	Issn = {1532-4435},
	Issue_Date = {12/1/2005},
	Journal = {Journal of Machine Learning Research},
	Month = dec,
	Numpages = {37},
	Pages = {1817--1853},
	Publisher = {JMLR.org},
	Title = {A Framework for Learning Predictive Structures from Multiple Tasks and Unlabeled Data},
	Volume = {6},
	Year = {2005}
}